@inproceedings{white2019bananas,
  title={BANANAS: Bayesian Optimization with Neural Architectures for Neural Architecture Search},
  author={White, Colin and Neiswanger, Willie and Savani, Yash},
  booktitle={Proceedings of the AAAI Conference on Artificial Intelligence},
  year={2021}
}
@inproceedings{deshpande2024online,
  title={Online Calibrated and Conformal Prediction Improves Bayesian Optimization},
  author={Deshpande, Shachi and Marx, Charles and Kuleshov, Volodymyr},
  booktitle={Proceedings of the 27th International Conference on Artificial Intelligence and Statistics (AISTATS)},
  year={2024},
  volume={238},
  pages={7262--7273},
  publisher={PMLR}
}
@inproceedings{gammerman1998learning,
  author    = {Alexander Gammerman and Volodya Vovk and Vladimir Vapnik},
  title     = {Learning by Transduction},
  booktitle = {Proceedings of the 14th Conference on Uncertainty in Artificial Intelligence (UAI)},
  pages     = {148--155},
  year      = {1998},
  address   = {Madison, WI, USA},
  publisher = {Morgan Kaufmann}
}
@inproceedings{papadopoulos2002inductive,
  author    = {Harris Papadopoulos and Kostas Proedrou and Vladimir Vovk and Alexander Gammerman},
  title     = {Inductive Confidence Machines for Regression},
  booktitle = {Machine Learning: ECML 2002},
  editor    = {Tapio Elomaa and Heikki Mannila and Hannu Toivonen},
  series    = {Lecture Notes in Computer Science},
  volume    = {2430},
  pages     = {345--356},
  year      = {2002},
  publisher = {Springer},
  doi       = {10.1007/3-540-36755-1_29}
}
@article{koenker1978regression,
  title={Regression quantiles},
  author={Koenker, Roger and Bassett, Gilbert},
  journal={Econometrica: Journal of the Econometric Society},
  pages={33--50},
  year={1978},
  publisher={JSTOR}
}
@article{romano2019conformalized,
  title={Conformalized Quantile Regression},
  author={Romano, Yaniv and Patterson, Evan and Cand{\`e}s, Emmanuel J},
  journal={Advances in Neural Information Processing Systems (NeurIPS)},
  year={2019},
  eprint={1905.03222},
  archivePrefix={arXiv},
  primaryClass={stat.ML}
}
@inproceedings{salinas2023optimizing,
  title     = {Optimizing Hyperparameters with Conformal Quantile Regression},
  author    = {Salinas, David and Gołębiowski, Jacek and Klein, Aaron and Seeger, Matthias and Archambeau, Cédric},
  booktitle = {Proceedings of the 40th International Conference on Machine Learning (ICML)},
  year      = {2023}
}
@InProceedings{pmlr-v80-kuleshov18a,
  title = {Accurate Uncertainties for Deep Learning Using Calibrated Regression},
  author = {Kuleshov, Volodymyr and Fenner, Nathan and Ermon, Stefano},
  booktitle = {Proceedings of the 35th International Conference on Machine Learning},
  pages = {2796--2804},
  year = {2018},
  editor = {Dy, Jennifer and Krause, Andreas},
  volume = {80},
  series = {Proceedings of Machine Learning Research},
  month = {Jul},
  publisher = {PMLR},
}



