@inproceedings{white2019bananas,
  title={BANANAS: Bayesian Optimization with Neural Architectures for Neural Architecture Search},
  author={White, Colin and Neiswanger, Willie and Savani, Yash},
  booktitle={Proceedings of the AAAI Conference on Artificial Intelligence},
  year={2021}
}
@inproceedings{deshpande2024online,
  title={Online Calibrated and Conformal Prediction Improves Bayesian Optimization},
  author={Deshpande, Shachi and Marx, Charles and Kuleshov, Volodymyr},
  booktitle={Proceedings of the 27th International Conference on Artificial Intelligence and Statistics (AISTATS)},
  year={2024},
  volume={238},
  pages={7262--7273},
  publisher={PMLR}
}
@inproceedings{Jung2023,
  author = {Steffen Jung and Jovita Lukasik and Margret Keuper},
  title = {Neural Architecture Design and Robustness: A Dataset},
  booktitle = {ICLR},
  year = {2023}
}
@inproceedings{Romano2019ConformalizedQR,
  title={Conformalized Quantile Regression},
  author={Yaniv Romano and Evan Patterson and Emmanuel J. Cand{\`e}s},
  booktitle={Advances in Neural Information Processing Systems},
  volume={32},
  pages={3543--3553},
  year={2019},
  url={https://arxiv.org/abs/1905.03222}
}
@inproceedings{romano2020classification,
  title={Classification with Valid and Adaptive Coverage},
  author={Romano, José M. and Minsker, Sol and Sill, Hampus and Kasy, Maximilian},
  booktitle={Proceedings of the 37th International Conference on Machine Learning (ICML)},
  pages={8064--8074},
  year={2020}
}

@misc{Xie2024BoostedCP,
  title={Boosted Conformal Prediction Intervals},
  author={Ran Xie and Rina Foygel Barber and Emmanuel J. Candès},
  year={2024},
  eprint={2406.07449},
  archivePrefix={arXiv},
  primaryClass={stat.ME},
  url={https://arxiv.org/abs/2406.07449}
}
